@IEEEtranBSTCTL{IEEEexample:BSTcontrol,
CTLuse_forced_etal = "no",
CTLmax_names_forced_etal = "2",
CTLnames_show_etal = "2"
}

@INPROCEEDINGS{crick-et-al_recomp2014,
  author = {Tom Crick and Benjamin A. Hall and Samin Ishtiaq and Kenji Takeda},
  title = {{``Share and Enjoy'': Publishing Useful and Usable Scientific Models}},
  booktitle = {{Proceedings of 1st International Workshop on Recomputability}},
  year = {2014},
  owner = {tom}
}

@INPROCEEDINGS{crick-et-al_wssspe2,
  author = {Tom Crick and Benjamin A. Hall and Samin Ishtiaq},
  title = {{``Can I Implement Your Algorithm?'': A Model for Reproducible Research Software}},
  booktitle = {{Proceedings of 2nd International Workshop on Sustainable Software for Science: Practice and Experiences (WSSSPE2)}},
  year = {2014}
}

@TechReport{collberg-et-al:2014,
  author = 	 {Christian Collbery and Todd Proebsting and Gina Moraila and Akash Shankaran and Zuoming Shi and Alex M. Warren},
  title = 	 {{Measuring Reproducibility in Computer Systems Research}},
  institution =  {Department of Computer Science, University of Arizona},
  year = 	 {2014}
}

@Article{stodden-et-al:2013,
  author = 	 {Victoria Stodden and Peixuan Guo and Zhaokun Ma},
  title = 	 {{Toward Reproducible Computational Research: An Empirical Analysis of Data and Code Policy Adoption by Journals}},
  journal = 	 {{PLoS ONE}},
  year = 	 {2013},
  volume = 	 {8},
  number = 	 {6}

}

@inproceedings{Pronk,
  author =    {Pronk, Sander and Larsson, Per and Pouya, Iman and Bowman, Gregory R. and Haque, Imran S. and Beauchamp, Kyle and Hess, Berk and Pande, Vijay S. and Kasson, Peter M. and Lindahl, Erik},
  booktitle = {{Proceedings of 2011 International Conference for High Performance Computing, Networking, Storage and Analysis (SC'11)}},
  publisher = {ACM Press},
  title =     {{Copernicus: a new paradigm for parallel adaptive molecular dynamics}},
  year =      {2011}
}

@Inproceedings {Cook,
  author       = {Byron Cook and Jasmin Fisher and Benjamin Hall and Samin Ishtiaq and Garvit Juniwal and Nir Piterman},
  booktitle    = {Proceedings of the 26th Internation Conference on Computer Aided Verification (CAV 2014)},
  title        = {Finding instability in biological models},
  year         = {2014}
}

@article{Stansfeld,
  author = {Stansfeld, Phillip J. and Sansom, Mark S.P.},
  title = {From Coarse Grained to Atomistic: A Serial Multiscale Approach to Membrane Protein Simulations},
  journal = {Journal of Chemical Theory and Computation},
  volume = {7},
  number = {4},
  pages = {1157--1166},
  year = {2011}
}

@Article{chirigati-et-al:2013,
  author = 	 {{Fernando Seabra} Chirigati and Matthias Troyer and Dennis Shasha and Juliana Freire},
  title = 	 {{A Computational Reproducibility Benchmark}},
  journal = 	 {{IEEE Data Engineering Bulletin}},
  year = 	 {2013},
  volume = 	 {36},
  number = 	 {4},
  pages = 	 {54--59}
}

@InProceedings{fursin+dubach:2014,
  author = 	 {Grigori Fursin and Christophe Dubach},
  title = 	 {{Community-Driven Reviewing and Validation of Publications}},
  booktitle = {{Proceedings of the 1st ACM SIGPLAN Workshop on Reproducible Research Methodologies and New Publication Models in Computer Engineering (TRUST'14)}},
  pages = 	 {1--4},
  year = 	 {2014},
  publisher =    {ACM Press}
}

@Unpublished{gent:2013,
  author = 	 {Ian P. Gent},
  title = 	 {{The Recomputation Manifesto}},
  note = 	 {\url{http://arxiv.org/abs/1304.3674}},
  month = 	 {April},
  year = 	 {2013}
}

@article{morin-et-al:2012,
  author = {Morin, A. and Urban, J. and Adams, P. D. and Foster, I. and Sali, A. and Baker, D. and Sliz, P.}, 
  title = {{Shining Light into Black Boxes}},
  volume = {336}, 
  number = {6078}, 
  pages = {159--160}, 
  year = {2012}, 
  journal = {Science} 
}

@Article{barnes:2010,
  author = 	 {Nick Barnes},
  title = 	 {Publish your computer code: it is good enough},
  journal = 	 {Nature},
  year = 	 {2010},
  volume = 	 {467},
  number = 	 {753}
}

@Article{peng:2011,
  author = 	 {Roger D. Peng},
  title = 	 {{Reproducible Research in Computational Science}},
  journal = 	 {Science},
  year = 	 {2011},
  volume = 	 {334},
  number = 	 {6060},
  pages = 	 {1226--1227}
}

@Article{mesirov:2010,
  author = 	 {Jill P. Mesirov},
  title = 	 {{Accessible Reproducible Research}},
  journal = 	 {Science},
  year = 	 {2010},
  volume = 	 {327},
  number = 	 {5964},
  pages = 	 {415--416}
}

@article{bonnet-et-al:2011,
  author = {Bonnet, Philippe and Manegold, Stefan and Bj{\o}rling, Matias and Cao, Wei and Gonzalez, Javier and Granados, Joel and Hall, Nancy and Idreos, Stratos and Ivanova, Milena and Johnson, Ryan and Koop, David and Kraska, Tim and M\"{u}ller, Ren{\'e} and Olteanu, Dan and Papotti, Paolo and Reilly, Christine and Tsirogiannis, Dimitris and Yu, Cong and Freire, Juliana and Shasha, Dennis},
  title = {{Repeatability and Workability Evaluation of SIGMOD 2011}},
  journal = {{ACM SIGMOD Record}},
  volume = {40},
  number = {2},
  year = {2011},
  pages = {45--48},
  publisher = {ACM Press}
} 

@Article{stodden+miguez:2014,
  author = 	 {Victoria Stodden and Sheila Miguez},
  title = 	 {{Best Practices for Computational Science: Software Infrastructure and Environments for Reproducible and Extensible Research}},
  journal = 	 {{Journal of Open Research Software}},
  year = 	 {2014},
  volume = 	 {2},
  number = 	 {1}
}

@Article{sandve-et-al:2013,
  author = 	 {{Geir Kjetil} Sandve and Anton Nekrutenko and James Taylor and Eivind Hovig},
  title = 	 {{Ten Simple Rules for Reproducible Computational Research}},
  journal = 	 {{PLoS Computational Biology}},
  year = 	 {2013},
  volume = 	 {9},
  number = 	 {10}
}

@Article{osherovich:2011,
  author = 	 {Lev Osherovich},
  title = 	 {{Hedging against academic risk}},
  journal = 	 {{Science-Business eXchange}},
  year = 	 {2011},
  volume = 	 {4},
  number = 	 {15}
}

@Article{joppa-et-al:2013,
  author = 	 {Lucas N. Joppa and Greg McInerny and Richard Harper and Lara Salido and Kenji Takeda and Kenton O'Hara and David Gavaghan and Stephen Emmott},
  title = 	 {{Troubling Trends in Scientific Software Use}},
  journal = 	 {Science},
  year = 	 {2013},
  volume = 	 {340},
  number = 	 {6134},
  pages = 	 {814--815}
}

@Misc{deroure:2010,
  author = 	 {David {De Roure}},
  title = 	 {{Replacing the Paper: The Twelve Rs of the e-Research Record}},
  howpublished = {\url{http://www.scilogs.com/eresearch/replacing-the-paper-the-twelve-rs-of-the-e-research-record/}},
  month = 	 {November},
  year = 	 {2011}
}

@Article{fursin-et-al:2014,
  author = 	 {Grigori Fursin and Renato Miceli and Anton Lokhmotov and Michael Gerndt and Marc Baboulin and Allen D. Malony and Zbigniew Chamski and Diego Novillo and Davide {Del Vento}},
  title = 	 {{Collective mind: Towards practical and collaborative auto-tuning}},
  journal = 	 {{Scientific Programming}},
  year = 	 {2014},
  volume = 	 {22},
  number = 	 {4},
  pages = 	 {309--329}
}

@article{Hall2014Sidekick,
  author = {Hall, Benjamin A. and Halim, Khairul Bariyyah Abd and Buyan, Amanda and Emmanouil, Beatrice and Sansom, Mark S. P.},
  title = {Sidekick for Membrane Simulations: Automated Ensemble Molecular Dynamics Simulations of Transmembrane Helices},
  journal = {{Journal of Chemical Theory and Computation}},
  volume = {10},
  number = {5},
  pages = {2165--2175},
  year = {2014}
}

@article{Hall2014,
   author = {Hall, Benjamin A. and Jackson, Ethan and Hajnal, Alex and Fisher, Jasmin},
   title = {Logic programming to predict cell fate patterns and retrodict genotypes in organogenesis},
   journal = {{Journal of The Royal Society Interface}},
   volume = {11},
   number = {98},
   year = {2014}
}

@article{Schaub2007,
    author = {Marc A. Schaub and Thomas A. Henzinger and Jasmin Fisher},
    title = {Qualitative networks: a symbolic approach to analyze biological signaling networks},
    journal = {{BMC Systems Biology}},
    volume = {1},
    number = {4},
    year = {2007}
}

@Book{hey:2009,
  editor = 	 {Tony Hey and Stewart Tansley and Kristin Tolle},
  title = 	 {{The Fourth Paradigm: Data-Intensive Scientific Discovery}},
  publisher = 	 {{Microsoft Research}},
  year = 	 {2009}
}

@Article{brain+devos:2009,
  author = 	 {Martin Brain and Marina {De Vos}},
  title = 	 {{The Significance of Memory Costs in Answer Set Solver Implementation}},
  journal = 	 {{Journal of Logic and Computation}},
  year = 	 {2009},
  volume = 	 {19},
  number = 	 {4},
  pages = 	 {615--641}
}

@ARTICLE{crick-et-al:2009,
  author = {Tom Crick and Peter Dunning and Hyunsun Kim and Julian Padget},
  title = {{Engineering Design Optimization using Services and Workflows}},
  journal = {{Philosophical Transactions of the Royal Society A: Mathematical, Physical and Engineering Sciences}},
  year = {2009},
  volume = {367},
  pages = {2741--2751},
  number = {1898}
}

@Article{leblanc-et-al:2013,
  author = 	 {Anja Le Blanc and John Brooke and Donal Fellows and Marco Soldati and David Pérez-Suárez and Alessandro Marassi and Andrej Santin},
  title = 	 {{Workflows for Heliophysics}},
  journal = 	 {{Journal of Grid Computing}},
  year = 	 {2013},
  volume = 	 {11},
  number = 	 {3},
  pages = 	 {481--503}
}

@Article{taverna:2013,
  author = 	 {Katherine Wolstencroft and Robert Haines and Donal Fellows and Alan Williams and David Withers and Stuart Owen and Stian Soiland-Reyes and Ian Dunlop and Aleksandra Nenadic and Paul Fisher and Jiten Bhagat and Khalid Belhajjame and Finn Bacall and Alex Hardisty and Abraham {Nieva de la Hidalga} and Maria P. {Balcazar Vargas} and Shoaib Sufi and Carole Goble},
  title = 	 {{The Taverna workflow suite: designing and executing workflows of Web Services on the desktop, web or in the cloud}},
  journal = 	 {{Nucleic Acids Research}},
  year = 	 {2013},
  volume = 	 {41},
  number = 	 {W1}
}

@Article{myexperiment:2009,
  author = 	 {David {De Roure} and Carole Goble and Robert Stevens},
  title = 	 {{The Design and Realisation of the myExperiment Virtual Research Environment for Social Sharing of Workflows}},
  journal = 	 {{Future Generation Computer Systems}},
  year = 	 {2009},
  volume = 	 {25},
  number = 	 {5},
  pages = 	 {561--567}
}

@Article{ofria+wilke:2004,
  author = 	 {Charles Ofria and Claus O. Wilke},
  title = 	 {{Avida: A Software Platform for Research in Computational Evolutionary Biology}},
  journal = 	 {{Artificial Life}},
  year = 	 {2004},
  volume = 	 {10},
  number = 	 {2},
  pages = 	 {191--229}
}

@Article{bechhofer-et-al:2013,
  author = 	 {Sean Bechhofer and Iain Buchan and David {De Roure} and Paolo Missier and John Ainsworth and Jiten Bhagata and Philip Couch and Don Cruickshank and Mark Delderfield and Ian Dunlop and Matthew Gamble and Danius Michaelides and Stuart Owen and David Newman and Shoaib Sufi and Carole Goble},
  title = 	 {{Why linked data is not enough for scientists}},
  journal = 	 {{Future Generation Computer Systems}},
  year = 	 {2013},
  volume = 	 {29},
  number = 	 {2},
  pages = 	 {599--611}
}

@Article{goble:2014,
  author = 	 {Carole Goble},
  title = 	 {{Better Software, Better Research}},
  journal = 	 {{IEEE Internet Computing}},
  year = 	 {2014},
  volume = 	 {18},
  number = 	 {5},
  pages = 	 {4--8}
}

@Article{rollins-et-al:2014,
  author = 	 {Nathan D. Rollins and C. Michael Barton and Sean Bergin and Marco A. Janssen and Allen Lee},
  title = 	 {{A Computational Model Library for publishing model documentation and code}},
  journal = 	 {{Environmental Modelling \& Software}},
  year = 	 {2014},
  volume = 	 {61},
  pages = 	 {59--64}
}

@Article{rssaaoe:2012,
  author = 	 {{Royal Society}},
  title = 	 {Science as an open enterprise},
  year = 	 {2012},
  note = 	 {Available from: \url{https://royalsociety.org/policy/projects/science-public-enterprise/report/}}
}